<record><leader>00000cas a22000007a 4500</leader><controlfield tag="001">19952288</controlfield><controlfield tag="008">890630d19371954mduwr ne      0    0eng d</controlfield><datafield ind1=" " ind2=" " tag="010"><subfield code="a">sn 89061521 </subfield></datafield><datafield ind1=" " ind2=" " tag="040"><subfield code="a">MFN</subfield><subfield code="b">eng</subfield><subfield code="c">MFN</subfield><subfield code="d">OCLCQ</subfield></datafield><datafield ind1=" " ind2=" " tag="042"><subfield code="a">msc</subfield></datafield><datafield ind1=" " ind2="4" tag="050"><subfield code="a">AN41.681.G7</subfield><subfield code="b">N4</subfield></datafield><datafield ind1="0" ind2=" " tag="130"><subfield code="a">Greenbelt cooperator (Greenbelt, Md.)</subfield></datafield><datafield ind1="1" ind2="0" tag="245"><subfield code="a">Greenbelt cooperator.</subfield></datafield><datafield ind1=" " ind2=" " tag="260"><subfield code="a">Greenbelt, Md. :</subfield><subfield code="b">[s.n.],</subfield><subfield code="c">1937-1954.</subfield></datafield><datafield ind1=" " ind2=" " tag="300"><subfield code="a">v.</subfield></datafield><datafield ind1=" " ind2=" " tag="310"><subfield code="a">Weekly</subfield></datafield><datafield ind1="0" ind2=" " tag="362"><subfield code="a">Vol. 1, no. 1 (Nov. 24, 1937)-v. 19, no. 6 (Sept. 16, 1954).</subfield></datafield><datafield ind1=" " ind2=" " tag="500"><subfield code="a">Issues for July 29, 1954-Sept. 16. 1954 published without title, pending selection of a new name.</subfield></datafield><datafield ind1=" " ind2=" " tag="752"><subfield code="a">United States</subfield><subfield code="b">Maryland</subfield><subfield code="c">Prince George's</subfield><subfield code="d">Greenbelt.</subfield></datafield><datafield ind1="0" ind2="0" tag="785"><subfield code="t">Greenbelt news review</subfield><subfield code="w">(DLC)sn 89061522</subfield></datafield></record>